<?xml version="1.0" encoding="UTF-8"?><collection xmlns="http://www.loc.gov/MARC21/slim"><record><leader>00532nam--2200181-i-4500</leader><controlfield tag="001">000020163</controlfield><controlfield tag="002">20161230</controlfield><controlfield tag="005">20161230201033</controlfield><controlfield tag="008">060222s1000------------r-----000-0-eng-d</controlfield><datafield ind1=" " ind2=" " tag="040"><subfield code="a">IFIN-HH</subfield></datafield><datafield ind1=" " ind2=" " tag="080"><subfield code="a">537.8:530.1</subfield></datafield><datafield ind1="1" ind2=" " tag="100"><subfield code="a">Fock, V.A</subfield></datafield><datafield ind1="1" ind2="0" tag="245"><subfield code="a">Electromagnetic diffraction and propagation problems</subfield><subfield code="c">V.a. fock</subfield></datafield><datafield ind1=" " ind2=" " tag="260"><subfield code="a">Oxford</subfield><subfield code="b">Pergamon Press</subfield><subfield code="c">1965</subfield></datafield><datafield ind1=" " ind2=" " tag="300"><subfield code="a">IX + 414 P</subfield></datafield><datafield ind1="1" ind2=" " tag="490"><subfield code="a">International Series Of Monograohs In Electromagnetic Waves</subfield><subfield code="v">Vol. 1</subfield></datafield><datafield ind1=" " ind2=" " tag="852"><subfield code="a">75387</subfield><subfield code="c">537:538</subfield></datafield><datafield ind1=" " ind2=" " tag="CAT"><subfield code="a">Sys</subfield><subfield code="c">20110628</subfield><subfield code="h">121125</subfield></datafield></record></collection>